<record><leader>00000cas a22000007a 4500</leader><controlfield tag="001">21254224</controlfield><controlfield tag="008">900322d190119uucouwr ne      0    0eng d</controlfield><datafield ind1=" " ind2=" " tag="010"><subfield code="a">sn 90051157 </subfield></datafield><datafield ind1=" " ind2=" " tag="040"><subfield code="a">CNQ</subfield><subfield code="b">eng</subfield><subfield code="c">CNQ</subfield><subfield code="d">OCLCQ</subfield></datafield><datafield ind1=" " ind2=" " tag="042"><subfield code="a">msc</subfield></datafield><datafield ind1="0" ind2=" " tag="130"><subfield code="a">Rico news (Rico, Colo. : 1901)</subfield></datafield><datafield ind1="1" ind2="4" tag="245"><subfield code="a">The Rico news.</subfield></datafield><datafield ind1=" " ind2=" " tag="260"><subfield code="a">Rico, Dolores County, Colo. :</subfield><subfield code="b">Geo. H. Hutt</subfield></datafield><datafield ind1=" " ind2=" " tag="300"><subfield code="a">v.</subfield></datafield><datafield ind1=" " ind2=" " tag="310"><subfield code="a">Weekly</subfield></datafield><datafield ind1="0" ind2=" " tag="362"><subfield code="a">Vol. 22, no. 44 (July 6, 1901)-</subfield></datafield><datafield ind1=" " ind2=" " tag="530"><subfield code="a">Available on microfilm from the Colorado Historical Society.</subfield></datafield><datafield ind1=" " ind2=" " tag="752"><subfield code="a">United States</subfield><subfield code="b">Colorado</subfield><subfield code="c">Dolores</subfield><subfield code="d">Rico.</subfield></datafield><datafield ind1="0" ind2="0" tag="780"><subfield code="t">Rico news-sun</subfield><subfield code="w">(DLC)sn 90051155</subfield></datafield></record>